101 123205054P9777777771403050746A094101UMPQUA BANK            SALLY TEST                     
5200SALLY TEST                          P977777777PPDPAYROLL   150223150223   1123205050000001
6221232050541234567890131    0000000000000000001      BUGS BUNNY              0123205050000001
6221232050549876543210       00000000000000000001     DAFFY DUCK              0123205050000002
820000000200246410100000000000000000000000001770558427                         123205050000001
9000001000001000000020024641010000000000000000000000000                                       
9999999999999999999999999999999999999999999999999999999999999999999999999999999999999999999999
9999999999999999999999999999999999999999999999999999999999999999999999999999999999999999999999
9999999999999999999999999999999999999999999999999999999999999999999999999999999999999999999999
9999999999999999999999999999999999999999999999999999999999999999999999999999999999999999999999